@online{bib:dimacs,
    author = {},
    title = {Satisfability suggested format},
    year = 1993,
    url = {https://www.domagoj-babic.com/uploads/ResearchProjects/Spear/dimacs-cnf.pdf},
    urldate = {2022-04-07}
}

@inproceedings{bib:cook-levin,
    author = {Stephen A. Cook},
    title = {The complexity of theorem-proving procedures},
    booktitle = {IN STOC},
    year = {1971},
    pages = {151--158},
    publisher = {ACM}
}
