@online{bib:doerr,
    year        = {2015},
    title       = {Optimal Parameter Choices Through Self-Adjustment: Applying the 1/5-th Rule in
                   Discrete Settings},
    author      = {Benjamin Doerr and Carola Doerr},
    url         = {http://arxiv.org/abs/1504.03212},
    year        = {2015},
    langid      = {english}
}

@article{bib:ea,
    author = {Borisovsky, Pavel and Eremeev, Anton},
    year = {2003},
    month = {01},
    pages = {},
    title = {A Study on Performance of the (1+1)-Evolutionary Algorithm},
    volume = {7}
}

@article{bib:ga,
    author = {Lingaraj, Haldurai},
    year = {2016},
    month = {10},
    pages = {139-143},
    title = {A Study on Genetic Algorithm and its Applications},
    volume = {4},
    journal = {International Journal of Computer Sciences and Engineering}
}

